@book{bookdown,
author = "Yihui Xie",
title = "bookdown: Authoring Books and Technical Documents with R Markdown",
publisher = "Chapman and Hall",
year = "2021",
url = "https://bookdown.org/yihui/bookdown/"
}

@misc{bibtex,
title = "BibTeX",
publisher = "Wikipedia",
url = "https://en.wikipedia.org/wiki/BibTeX",
year = "2021"
}

@misc{cheat,
title = "RStudio Cheat Sheets",
publisher = "RStudio",
url = "https://www.rstudio.com/resources/cheatsheets/",
year = "2021"
}

@book{markdown,
author = "Yihui Xie and J. J. Allaire and Garrett Grolemund",
title = "R Markdown: The Definitive Guide",
publisher = "Chapman and Hall/CRC",
year = "2020",
url = "https://bookdown.org/yihui/rmarkdown/"
}
